<?xml version="1.0" encoding="UTF-8"?><collection xmlns="http://www.loc.gov/MARC21/slim"><record><leader>00485nam--2200193-i-4500</leader><controlfield tag="001">000036827</controlfield><controlfield tag="002">20161230</controlfield><controlfield tag="005">20161230201041</controlfield><controlfield tag="008">060222s1000------------r-----000-0-rum-d</controlfield><datafield ind1=" " ind2=" " tag="040"><subfield code="a">IFIN-HH</subfield></datafield><datafield ind1=" " ind2=" " tag="041"><subfield code="a">rum</subfield></datafield><datafield ind1=" " ind2=" " tag="080"><subfield code="a">53(075.8)</subfield></datafield><datafield ind1="1" ind2=" " tag="100"><subfield code="a">Titeica, Radu</subfield></datafield><datafield ind1="1" ind2="0" tag="245"><subfield code="a">Fizica generala</subfield><subfield code="b">Vol. 1</subfield><subfield code="c">Radu titeica, iovitu popescu</subfield></datafield><datafield ind1=" " ind2=" " tag="260"><subfield code="a">Bucuresti</subfield><subfield code="b">Editura Tehnica</subfield><subfield code="c">1971</subfield></datafield><datafield ind1=" " ind2=" " tag="300"><subfield code="a">482P</subfield></datafield><datafield ind1="1" ind2=" " tag="700"><subfield code="a">Popescu, Iovitu</subfield></datafield><datafield ind1=" " ind2=" " tag="852"><subfield code="a">36323</subfield><subfield code="c">53</subfield></datafield><datafield ind1=" " ind2=" " tag="CAT"><subfield code="a">Sys</subfield><subfield code="c">20121122</subfield><subfield code="h">172313</subfield></datafield></record></collection>